@article{chem_effects,
    author = {Rimsza, Jessica and Jones, Reese and Criscenti, Louise},
    year = {2018},
    month = {09},
    pages = {},
    title = {Chemical Effects on Subcritical Fracture in Silica From Molecular Dynamics Simulations},
    volume = {123},
    journal = {Journal of Geophysical Research: Solid Earth},
    doi = {10.1029/2018JB016120}
}

@phdthesis{thesisHardin,
author = {J.,, Hardin,},
year = {2018},
month = {01},
pages = {},
title = {Kinetic metallic glass evolution model}
}

@article{radialDistribution,
 author  = {C\'{o}t\'{e}, Alex and Smith, Bill and Lindan, Philip },
 year = {2017-03-12},
 title   = {The Radial Distribution Function},
 journal = {CCLRC Daresbury Laboratory},
 url     = {http://www.cse.scitech.ac.uk/ccg/software/Democritus/Theory/rdf.html}
 
}

@article{pedone2015dynamics,
  title={Dynamics of Fracture in Silica and Soda-Silicate Glasses: From Bulk Materials to Nanowires},
  author={Pedone, Alfonso and Menziani, Maria Cristina and Cormack, Alastair N},
  journal={The Journal of Physical Chemistry C},
  volume={119},
  number={45},
  pages={25499-25507},
  year={2015},
  publisher={ACS Publications}
}

@article{ebrahem2018influence,
  title={The influence of the network topology on the deformation and fracture behaviour of silica glass: A molecular dynamics study},
  author={Ebrahem, Firaz and Bamer, Franz and Markert, Bernd},
  journal={Computational Materials Science},
  volume={149},
  pages={162--169},
  year={2018},
  publisher={Elsevier}
}

@article{mWilson_continuum_stress,
  title={Continuum stress intensity factors from atomistic fracture simulations},
  author={Wilson, Mark and Grutzik, Scott and Chandross, Michael},
  journal={Computer Methods in Applied Mechanics and Engineering},
  volume={354},
  pages={732-749},
  year={2019},
  publisher={Elsevier}
}

@article{bauchy,
    title = {Deciphering the atomic genome of glasses by topological constraint theory and molecular dynamics: A review},
    author = {Bauchy, Mathieu},
    journal = {Computational Materials Science},
    volume = {159},
    pages = {95 - 102},
    year = {2019},
    publisher={Elsevier}
}

@article{elastic_fracture,
    author = {Rice, James},
    year = {1988},
    month = {03},
    pages = {},
    title = {Elastic Fracture Concepts for Interfacial Cracks},
    volume = {55},
    journal = {Journal of Applied Mechanics},
    doi = {10.1115/1.3173668}
}


@article{PAMD,
    author = {Plimpton, Steve},
    year = {1995},
    month = {March},
    pages = {1-19},
    title = {Fast parallel Algorithms for Short-Range Molecular Dynamics},
    volume = {117},
    journal = {Journal of Computational Physics},
    %doi = {10.1115/1.3173668}
}


@article{TopSystem,
    author = {Srinivasan, G and Hyman, JD and Osthus, DA and Moore, BA and O'Malley, D and Karra, Sa and Rougier, E and Hagberg, AA and Hunter, A and Viswanathan, HS},
    year = {2018},
    month = {Aug.},
    title = {Quantifying Topological Uncertainty in Fractured Systems using Graph Theory and Machine Learning},
    volume = {8},
    journal = {Scientific reports},
    doi = {10.1038/s41598-018-30117-1}
}    

@article{MLACrack,
    author = {Wang, H and Zhang, W and Sun, F and Zhang, W.},
    year = {2017},
    month = {May},
    title = {A Comparison Study of Machine Learning Based Algorithms for Fatigue Crack Growth Calculation},
    volume = {10},
    journal = {Materials (Basel)},
    doi = {doi:10.3390/ma10050543}
}    


@article{NatCom,
    author = {Ding, Jun },
    year = {2016},
    month = {December},
    pages = {1-10},
    title = {Universal Structural Parameter to Quantitatively Predict Metallic Glass Properties},
    volume = {7},
    journal = {Nature Communications},
    doi = {10.1038/ncomms13733}
}

@article{valera2018machine,
  title={Machine learning for graph-based representations of three-dimensional discrete fracture networks},
  author={Valera, Manuel and Guo, Zhengyang and Kelly, Priscilla and Matz, Sean and Cantu, Vito Adrian and Percus, Allon G and Hyman, Jeffrey D and Srinivasan, Gowri and Viswanathan, Hari S},
  journal={Computational Geosciences},
  volume={22},
  number={3},
  pages={695--710},
  year={2018},
  publisher={Springer}
}

@article{markpres,
    author = {Wilson, Mark },
    year = {2019},
    title = {CGU Math Clinic: Project Description},
    journal = {Sandia National Labs},
}